@PREAMBLE{
 "\providecommand{\noopsort}[1]{}" 
 # "\providecommand{\singleletter}[1]{#1}%" 
}

@BOOK{Cedra,
   author       = {Adel S. Sedra},
   year         = 2004,
   title        = {Microelectronic Circuits},
   publisher    = {Oxford University Press}
   edition      = {4th}
}


@misc{b1,
  howpublished = "\url{http://en.wikipedia.org/wiki/Sample_and_hold}",
  note = "[Online; accessed 12-October-2014]"
}

