@PREAMBLE{
 "\providecommand{\noopsort}[1]{}" 
 # "\providecommand{\singleletter}[1]{#1}%" 
}

@BOOK{Cedra,
   author       = {Adel S. Sedra},
   year         = 2004,
   title        = {Microelectronic Circuits},
   publisher    = {Oxford University Press}
   edition      = {4th}
}


@misc{b1,
  howpublished = "Apontamentos das aulas teóricas",
  note = "João Figueinhas"
}

@manual{data,
    organization  = "Motorola",
    title         = "Complementary Silicon Power Transistor 2N3055/MJ2955 Datasheet",
    number        = "2N3055/D",
    year          =  1995
}
